@Misc{kaggle,
	OPTkey = {key},
	OPTauthor = {author},
	title = {Titanic: Machine Learning from Disaster},
	howpublished = {Web},
	month = {April},
	year = {2017},
	note = {\url{https://www.kaggle.com/c/titanic}
	},
	OPTannote = {},
}

@Misc{wikipedia:decision_tree,
	OPTkey = {key},
	author = {Wikipedia contributors.},
	title = {Decision tree learning},
	howpublished = {Wikipedia, The Free Encyclopedia},
	month = {April},
	year = {2017},
	note = {Retrieved 18:34, April 5, 2017, from \url{ https://en.wikipedia.org/w/index.php?title=Decision_tree_learning&oldid=773803391}},
	OPTannote = {annote},
}

@Article{shannon,
	author = {C.E. Shannon},
	title = {A Mathematical Theory of Communication},
	journal = {University of Illinois Press},
	year = {1949},
	OPTkey = {key},
	OPTvolume = {volume},
	OPTnumber = {number},
	OPTpages = {pages},
	OPTmonth = {month},
	OPTnote = {note},
	OPTannote = {annote},
}


